<collection xmlns="http://www.loc.gov/MARC21/slim"><record><leader>00734nam  2200241   450</leader><controlfield tag="001">1018</controlfield><controlfield tag="003">http://montalegre.opacnet.com/OPAC/default.aspx?ContentAreaControl=ShowRegHoldings.ascx&amp;RegNo=16662</controlfield><datafield tag="010" ind1=" " ind2=" "><subfield code="a">972-8835-09-4</subfield></datafield><datafield tag="021" ind1=" " ind2=" "><subfield code="a">PT</subfield><subfield code="b">221413/05</subfield></datafield><datafield tag="100" ind1=" " ind2=" "><subfield code="a">20061013d2005----m y0pory0103 ba</subfield></datafield><datafield tag="101" ind1="1" ind2=" "><subfield code="a">por</subfield><subfield code="c">eng</subfield></datafield><datafield tag="102" ind1=" " ind2=" "><subfield code="a">PT</subfield></datafield><datafield tag="200" ind1="1" ind2=" "><subfield code="a">&lt;A &gt;fraude de</subfield><subfield code="e">o código Da Vinci</subfield><subfield code="g">tradução de Joana Bernardino</subfield></datafield><datafield tag="205" ind1=" " ind2=" "><subfield code="a">2ª ed</subfield></datafield><datafield tag="210" ind1=" " ind2=" "><subfield code="a">S. João do Estoril</subfield><subfield code="c">Lucerna</subfield><subfield code="d">2005</subfield></datafield><datafield tag="215" ind1=" " ind2=" "><subfield code="a">331 p.</subfield><subfield code="d">24 cm</subfield></datafield><datafield tag="606" ind1="1" ind2=" "><subfield code="a">Literatura americana</subfield></datafield><datafield tag="675" ind1=" " ind2=" "><subfield code="a">821</subfield></datafield><datafield tag="700" ind1=" " ind2="1"><subfield code="a">Olson</subfield><subfield code="b">Carl E.</subfield></datafield><datafield tag="701" ind1=" " ind2="1"><subfield code="a">Miesel</subfield><subfield code="b">Sandra</subfield></datafield><datafield tag="702" ind1=" " ind2="1"><subfield code="a">Bernardino</subfield><subfield code="b">Joana</subfield><subfield code="4">730</subfield></datafield><datafield tag="801" ind1=" " ind2="0"><subfield code="a">PT</subfield><subfield code="b">Biblioteca Municipal de Montalegre</subfield><subfield code="g">RPC</subfield></datafield><datafield tag="856" ind1=" " ind2=" "><subfield code="u">locateMedia.asp?cod=20060706153710&amp;ext=jpg</subfield><subfield code="z">CAPA</subfield></datafield><datafield tag="909" ind1="&#9;" ind2=" "><subfield code="a">1</subfield></datafield><datafield tag="966" ind1=" " ind2=" "><subfield code="a">0016127</subfield><subfield code="l">BMM</subfield><subfield code="s">SCG 821 OLS fra</subfield></datafield></record></collection>